@article{einstein,
  author =       "Albert Einstein",
  title =        "{Zur Elektrodynamik bewegter K{\"o}rper}. ({German})
                 [{On} the electrodynamics of moving bodies]",
  journal =      "Annalen der Physik",
  volume =       "322",
  number =       "10",
  pages =        "891--921",
  year =         "1905",
  DOI =          "http://dx.doi.org/10.1002/andp.19053221004"
}

@book{latexcompanion,
    author    = "Michel Goossens and Frank Mittelbach and Alexander Samarin",
    title     = "The \LaTeX\ Companion",
    year      = "1993",
    publisher = "Addison-Wesley",
    address   = "Reading, Massachusetts"
}
 
@online{hubcabwebsite,
    author    = { Carlo Ratti and Michael Szell and Eric Baczuk and Benedikt Grob and Joseph Lee and Pierrick Thebault and NJ Namju Lee and Yaniv Jacob Turgeman and Andi Weib and Stefan Landsbek},
    title     = {Exploring New York City taxi trails and sharing our way to a more sustainable urban future},
    urldate   = {2015-10},
    date      = {nd},
    url       = {http://hubcab.org/#11.00/40.7250/-73.8500}
}
 
@online{danworkwebsite,
    author    = {Dan Work},
    title     = {2010-2013 {New York} City Taxi Data},
    urldate   = {2015-10},
    date      = {nd},
    url       = {https://publish.illinois.edu/dbwork/open-data/}
}
 
@online{nyctlcwebsite,
    author    = {{NYC} Taxi and Limousine Commission},
    title     = {Research and Statistics},
    urldate   = {2015-10},
    date      = {2015},
    url       = {http://www.nyc.gov/html/tlc/html/about/statistics.shtml}
}
 
@online{nyctaxyvisualwebsite,
    author    = {Chris Whong},
    title     = {{NYC} Taxis: A Day in the Life - A Data Visualization},
    urldate   = {2015-10},
    date      = {2014},
    url       = {http://www.nyc.gov/html/tlc/html/about/statistics.shtml}
}

 
@online{gawkerwebsite,
    author    = {J.K. Trotter},
    title     = {Public {NYC} Taxicab Database Lets You See How Celebrities Tip},
    urldate   = {2015-10},
    date      = {2013},
    url       = {http://gawker.com/the-public-nyc-taxicab-database-that-accidentally-track-1646724546}
}
 
@online{flighttaxiwebsite,
    author    = {Imagework},
    title     = {{NYC} taxi holiday visualization from {JFK} and {LGA} airports },
    urldate   = {2015-10},
    date      = {nd},
    url       = {http://taxi.imagework.com/}
}

@online{hafenwebsite,
    author    = {Ryan Hafen},
    title     = {Exploration of {NYC} Taxi Data},
    urldate   = {2015-10},
    date      = {2015},
    url       = {http://hafen.github.io/taxi/#initial-exploration}
}


@article{andrewj,
    author    = {Andrew James},
    title     = {{New York} City Taxicab Transportation Demand Modeling for the Analysis of Ridesharing and Autonomous Taxi Systems},
    urldate   = {2015-10},
    year      = {2015},
    url       = {http://orfe.princeton.edu/~alaink/Theses/SeniorTheses%2715/AJSwoboda--NYC_aTaxiRideSharingPotential2015.pdf}
}


@online{nyctaxidatadict,
    author    = {{NYC Taxi and Limousine Commission}},
    title     = {Data Dictionary - Yellow Taxi Trip Records},
    urldate   = {2015-10},
    date      = {2015},
    url       = {http://www.nyc.gov/html/tlc/downloads/pdf/data_dictionary_trip_records_yellow.pdf}
}


@online{hdbestpract,
    author    = {{acm}},
    title     = {Apache Hadoop: Best Practices and Anti-Patterns},
    urldate   = {2015-10},
    date      = {2010},
    url       = {https://developer.yahoo.com/blogs/hadoop/apache-hadoop-best-practices-anti-patterns-465.html}
}


@online{projrepo,
    author    = {Lingyan Zhou and Jianhong Zhu},
    title     = { {CSC582-1FA} },
    urldate   = {2015-10},
    date      = {2015},
    url       = {https://github.com/lingyanzhou/CSC582-1FA}
}


@online{hadoopsource,
    author    = {{Apache Software Foundation}},
    title     = {{Hadoop} core},
    urldate   = {2015-10},
    date      = {},
    url       = {http://grepcode.com/file/repository.cloudera.com/content/repositories/releases/com.cloudera.hadoop/hadoop-core/0.20.2-737/org/apache/hadoop/mapreduce/lib/input/TextInputFormat.java?av=f}
}

@online{chisqwebsite,
    author    = {Wikipedia},
    title     = {Chi-squared test},
    urldate   = {2015-11},
    date      = {2015},
    url       = {https://en.wikipedia.org/wiki/Chi-squared_test}
}

@online{autocorrwebsite,
    author    = {{MIT OpenCourseWare }},
    title     = { Signal Processing: Continuous and Discrete},
    urldate   = {2015-11},
    date      = { 2008 },
    url       = {http://ocw.mit.edu/courses/mechanical-engineering/2-161-signal-processing-continuous-and-discrete-fall-2008/lecture-notes/lecture_22.pdf}
}
